<record><leader>05987cam a2200625 i 4500</leader><controlfield tag="001">6805362</controlfield><controlfield tag="003">OCoLC</controlfield><controlfield tag="005">20150211065237.8</controlfield><controlfield tag="006">m     o  d        </controlfield><controlfield tag="007">cr mn|||||||||</controlfield><controlfield tag="008">141101t20152015enka    ob    001 0 eng d</controlfield><datafield ind1=" " ind2=" " tag="020"><subfield code="a">9781317663676</subfield><subfield code="q">electronic bk.</subfield></datafield><datafield ind1=" " ind2=" " tag="020"><subfield code="a">1317663675</subfield><subfield code="q">electronic bk.</subfield></datafield><datafield ind1=" " ind2=" " tag="020"><subfield code="a">9781315767512</subfield><subfield code="q">electronic bk.</subfield></datafield><datafield ind1=" " ind2=" " tag="020"><subfield code="a">1315767511</subfield><subfield code="q">electronic bk.</subfield></datafield><datafield ind1=" " ind2=" " tag="020"><subfield code="z">9781138785953</subfield><subfield code="q">hardback</subfield></datafield><datafield ind1=" " ind2=" " tag="020"><subfield code="z">1138785954</subfield><subfield code="q">hardback</subfield></datafield><datafield ind1=" " ind2=" " tag="037"><subfield code="a">880915</subfield><subfield code="b">EBSCO</subfield></datafield><datafield ind1=" " ind2=" " tag="039"><subfield code="a">exclude</subfield></datafield><datafield ind1=" " ind2=" " tag="040"><subfield code="a">CaONFJC</subfield><subfield code="c">CaONFJC</subfield><subfield code="e">rda</subfield><subfield code="d">AEU</subfield></datafield><datafield ind1=" " ind2="4" tag="050"><subfield code="a">Q181 .A355 2015eb</subfield></datafield><datafield ind1=" " ind2="7" tag="072"><subfield code="a">SCI</subfield><subfield code="x">063000</subfield><subfield code="2">bisacsh</subfield></datafield><datafield ind1="0" ind2="4" tag="082"><subfield code="a">507.1</subfield><subfield code="2">23</subfield></datafield><datafield ind1=" " ind2=" " tag="090"><subfield code="a">Internet Access</subfield><subfield code="b">AEU</subfield></datafield><datafield ind1="0" ind2="4" tag="245"><subfield code="a">The age of STEM</subfield><subfield code="h">[electronic resource] :</subfield><subfield code="b">educational policy and practice across the world in science, technology, engineering and mathematics /</subfield><subfield code="c">edited by Brigid Freeman, Simon Marginson, Russell Tytler.</subfield></datafield><datafield ind1="3" ind2=" " tag="246"><subfield code="a">Age of science, technology, engineering, and mathematics</subfield></datafield><datafield ind1=" " ind2="1" tag="264"><subfield code="a">London ;</subfield><subfield code="a">New York :</subfield><subfield code="b">Routledge,</subfield><subfield code="c">2015.</subfield></datafield><datafield ind1=" " ind2="4" tag="264"><subfield code="c">&#169;2015</subfield></datafield><datafield ind1=" " ind2=" " tag="300"><subfield code="a">1 online resource (xx, 304 pages) :</subfield><subfield code="b">illustrations.</subfield></datafield><datafield ind1=" " ind2=" " tag="336"><subfield code="a">text</subfield><subfield code="b">txt</subfield><subfield code="2">rdacontent</subfield></datafield><datafield ind1=" " ind2=" " tag="337"><subfield code="a">computer</subfield><subfield code="b">c</subfield><subfield code="2">rdamedia</subfield></datafield><datafield ind1=" " ind2=" " tag="338"><subfield code="a">online resource</subfield><subfield code="b">cr</subfield><subfield code="2">rdacarrier</subfield></datafield><datafield ind1="1" ind2=" " tag="490"><subfield code="a">Routledge research in education ;</subfield><subfield code="v">129</subfield></datafield><datafield ind1=" " ind2=" " tag="504"><subfield code="a">Includes bibliographical references and index.</subfield></datafield><datafield ind1="0" ind2=" " tag="505"><subfield code="a">Widening and deepening the STEM effect / Brigid Freeman, Simon Marginson and Russell Tytler -- What international comparisons can tell us / Simon Marginson -- From STEM to STEAM : Achievements and challenges in dynamic / Jae-Eun Jon and Hae-In Chung -- An emerging giant of science : Achievements and challenges of STEM education in China / Yuan Gao -- Invigorate the Asia Tiger : Science education in Taiwan / Yuan Gao -- Japan : Restoring faith in science through competitive STEM strategy / Mayumi Ishikawa, Ashlyn Moehle and Shota Fujii -- STEM and STEM education in the United States / Adam V. Maltese, Geoff Potvin, Florin D. Lung and Craig D. Hochbein -- Canada : Decentralization, federalism and STEM education / Julian Weinrib and Glen A. Jones -- Changing the shape of STEM : Wisdom of grassroots Indigenous movements in Canada / Glen S. Aikenhead and Dawn Sutherland -- United Kingdom : An example of the impact of high stakes accountability regimes on STEM education / Anthony Tomei, Justin Dillon and Emily Dawson -- Federal and state STEM policies and programs spanning Australian education, training, science and innovation / Brigid Freeman -- New Zealand : Towards inclusive STEM education for all students / Elizabeth McKinley, Mark Gan, Cathy Buntting and Alister Jones -- STEM education in France : Pathways and obstacles to greater participation / Kelly Roberts and Elodie de Oliveira -- STEMming the tide : The Finnish way to a technologically proficient workforce / Ian R. Dobson -- Between historical advantages and global challenges : Do the STEM disciplines matter in Russia? / Anna Smolentseva -- A keystone to the future of Brazil : Fostering general and STEM education for an inclusive development / Hugo Horta and Paulo Noronha Lisboa Filho -- STEM education in the quest to build a new South Africa / Michael Kahn.</subfield></datafield><datafield ind1=" " ind2=" " tag="506"><subfield code="a">Access restricted to authorized users and institutions.</subfield></datafield><datafield ind1=" " ind2=" " tag="520"><subfield code="a">"Across the world STEM (learning and work in Science, Technology, Engineering and Mathematics) has taken central importance in education and the economy in a way that few other disciplines have. STEM competence has become seen as key to higher productivity, technological adaptation and research-based innovation. No area of educational provision has a greater current importance than the STEM disciplines yet there is a surprising dearth of comprehensive and world-wide information about STEM policy, participation, programs and practice. The Age of STEM is a state of the art survey of the global trends and major country initiatives in STEM. It gives an international overview of issues such as:STEM strategy and coordination curricula, teaching and assessment women in STEM indigenous students research training STEM in the graduate labour marketsSTEM breadth and STEM depthThe individual chapters give comparative international analysis as well as a global overview, particularly focusing on the growing number of policies and practices in mobilising and developing talent in the STEM fields. The book will be of particular interest to anyone involved in educational policy, those in education management and leaders in both schooling and tertiary education. It will have a wider resonance among practitioners in the STEM disciplines, particularly at university level, and for those interested in contemporary public policy"--</subfield><subfield code="c">Provided by publisher.</subfield></datafield><datafield ind1=" " ind2=" " tag="588"><subfield code="a">Description based on print version record.</subfield></datafield><datafield ind1=" " ind2=" " tag="596"><subfield code="a">44</subfield></datafield><datafield ind1=" " ind2="0" tag="650"><subfield code="a">Science</subfield><subfield code="x">Study and teaching (Secondary)</subfield><subfield code="v">Case studies.</subfield></datafield><datafield ind1=" " ind2="0" tag="650"><subfield code="a">Science</subfield><subfield code="x">Study and teaching (Higher)</subfield><subfield code="v">Case studies.</subfield></datafield><datafield ind1=" " ind2="0" tag="650"><subfield code="a">Technology</subfield><subfield code="x">Study and teaching (Secondary)</subfield><subfield code="v">Case studies.</subfield></datafield><datafield ind1=" " ind2="0" tag="650"><subfield code="a">Technology</subfield><subfield code="x">Study and teaching (Higher)</subfield><subfield code="v">Case studies.</subfield></datafield><datafield ind1=" " ind2="0" tag="650"><subfield code="a">Engineering</subfield><subfield code="x">Study and teaching (Secondary)</subfield><subfield code="v">Case studies.</subfield></datafield><datafield ind1=" " ind2="0" tag="650"><subfield code="a">Engineering</subfield><subfield code="x">Study and teaching (Higher)</subfield><subfield code="v">Case studies.</subfield></datafield><datafield ind1=" " ind2="0" tag="650"><subfield code="a">Mathematics</subfield><subfield code="x">Study and teaching (Secondary)</subfield><subfield code="v">Case studies.</subfield></datafield><datafield ind1=" " ind2="0" tag="650"><subfield code="a">Mathematics</subfield><subfield code="x">Study and teaching (Higher)</subfield><subfield code="v">Case studies.</subfield></datafield><datafield ind1=" " ind2="0" tag="650"><subfield code="a">Education and state</subfield><subfield code="v">Case studies.</subfield></datafield><datafield ind1="1" ind2=" " tag="700"><subfield code="a">Freeman, Brigid,</subfield><subfield code="e">editor.</subfield></datafield><datafield ind1="1" ind2=" " tag="700"><subfield code="a">Marginson, Simon,</subfield><subfield code="d">1951-</subfield><subfield code="e">editor.</subfield></datafield><datafield ind1="1" ind2=" " tag="700"><subfield code="a">Tytler, Russell,</subfield><subfield code="e">editor.</subfield></datafield><datafield ind1=" " ind2="0" tag="830"><subfield code="a">Routledge research in education.</subfield></datafield><datafield ind1="4" ind2="0" tag="856"><subfield code="3">University of Alberta Access</subfield><subfield code="u">http://search.ebscohost.com/login.aspx?direct=true&amp;scope=site&amp;db=nlebk&amp;db=nlabk&amp;AN=880915</subfield><subfield code="z">(Single User Access)</subfield></datafield><datafield ind1=" " ind2=" " tag="949"><subfield code="w">ORDER</subfield><subfield code="h">UAIN</subfield><subfield code="z">PDACOUTTS</subfield></datafield><datafield ind1=" " ind2=" " tag="926"><subfield code="a">Internet Access</subfield><subfield code="w">LC</subfield><subfield code="c">1</subfield><subfield code="i">6805362-1001</subfield><subfield code="l">INTERNET</subfield><subfield code="m">UAINTERNET</subfield><subfield code="r">Y</subfield><subfield code="s">Y</subfield><subfield code="t">E-RESOURCE</subfield><subfield code="u">2/17/2015</subfield><subfield code="x">E-BOOK</subfield><subfield code="z">PDAOWNED</subfield></datafield></record>